@ARTICLE{8559686,
author={},  journal={ISO/IEC/IEEE 29148:2018(E)},   title={ISO/IEC/IEEE International Standard - Systems and software engineering -- Life cycle processes -- Requirements engineering},   year={2018},  volume={},  number={},  pages={1-104},  doi={10.1109/IEEESTD.2018.8559686}}
