@ARTICLE{114514,
author={},  journal={Wikipedia},   title={Trigonometric functions},   year={2001},  volume={},  number={},  pages={1},  doi={https://en.wikipedia.org/w/index.php?title=Trigonometric_functions&dir=prev&limit=500&action=history}}

@ARTICLE{134524,
author={},  journal={Wikipedia},   title={Co-domain's definition},   year={2002},  volume={},  number={},  pages={1},  doi={https://en.wikipedia.org/w/index.php?title=Codomain&dir=prev&action=history}}


@BOOK{1998702,
author={IEEE},  journal={},   title={IEEE Guide for Information Technology—System Definition— Concept of Operations (ConOps) Document},   year={1998},  volume={},  number={},  pages={1},  doi={ https://books.google.ca/books?id=Y3RCzAEACAAJ}}
